@Misc{ APIJava3D,
	title = "Overview (3D 1.5.2)",
	note = "http://download.java.net/media/java3d/javadoc/1.5.2/index.html, {\'u}ltima visita: 3 de Junio de 2010",
	key = "APIJava3D"
}

@Misc{ APIJava,
	title = "Overview (Java Platform SE 6)",
	note = "http://java.sun.com/javase/6/docs/api/, {\'u}ltima visita: 3 de Junio de 2010",
	key = "APIJava"
}

@Misc{ Introducci√≥n_Java3D,
	title = "Introducci{\'o}n a Java 3D - Monograf{\'i}as.com",
	note = "http://www.monografias.com/trabajos43/java-tres-d/java-tres-d.shtml, {\'u}ltima visita: 3 de Junio de 2010",
	key = "IntroduccionJava3D"
}

@Misc{ Apuntes_Java3D,
	title = "Java3D",
	note = "http://www.dcc.uchile.cl/~lmateu/CC60H/Trabajos/cmiddlet/, {\'u}ltima visita: 3 de Junio de 2010",
	key = "ApuntesJava3D"
}

@Misc{ Tutorial_VRML,
	title = "Turorial VRML : Inicio",
	note = "http://wwwdi.ujaen.es/~rsegura/igai/vrml/documentos/inicio.htm, {\'u}ltima visita: 3 de Junio de 2010",
	key = "TutorialVRML"
}

@Misc{ Tutorial_VRML97,
	title = "Turorial VRML97: Narc{\'i}s Par{\'e}s i Burgu{\`e}s",
	note = "http://www.dtic.upf.edu/~npares/docencia/vrml/tutorial\_e.htm, {\'u}ltima visita: 3 de Junio de 2010",
	key = "TutorialVRML97"
}

@Misc{ Guia_VRML,
	title = "La Gu{\'i}a de VRML de Floppy - Tutorial VRML97",
	note = "http://ilias.fh-stralsund.de/ilias3/data/ilias3\_9\_080807/lm\_data/lm\_1214/praktika/gdv/vrml/tutorial/es/index.html, {\'u visita: 3 de Junio de 2010",
	key = "GuiaVRML97"
}

@Misc{ Java2D,
	title = "Java2D: An Introduction and Tutorial",
	note = "http://www.apl.jhu.edu/~hall/java/Java2D-Tutorial.html, {\'u}ltima visita: 3 de Junio de 2010",
	key = "Java2D"
}

@Misc{ ANTLRdoc,
	title = "ANTLR v3 documentation - ANTLR 3 - ANTLR Project",
	note = "http://www.antlr.org/wiki/display/ANTLR3/ANTLR+v3+documentation, {\'u}ltima visita: 3 de Junio de 2010",
	key = "ANTLRdoc"
}

@Book{ libroJava3D,
	title = "Java3D Programming",
	author = "Daniel Selman",
	publisher = "Manning",
	year = "2002"
}

@Book{ apuntesPL,
	title = "Apuntes de la asignatura Procesadores del Lenguaje impartida por el profesor Enrique Yeguas Bol{\'i}var."
}

@Book{ guiaANTLR,
	title = "Guia pr{\'a}ctica de ANTLR 2.7.2",
	author = "Jose Antonio Troyano Jim{\'e}nez Enrique Jos{\'e} Garc{\'i}a Cota",
	publisher = "ETS Ingenier{\'i}a Inform{\'a}tica de la Universidad de Sevilla, Departamento de Lenguajes y Sistemas Inform{\'a}ticos",
	year = "2003"
}

@Book{ UML2,
	title = "UML 2",
	author = "Jim Arlow",
	publisher = "Anaya Multimedia",
	year = "2006"
}

